@inproceedings{Angel:2017:LMS:3055399.3055402,
 author = {Angel, Omer and Bubeck, S{\'e}bastien and Peres, Yuval and Wei, Fan},
 title = {Local Max-cut in Smoothed Polynomial Time},
 booktitle = {Proceedings of the 49th Annual ACM SIGACT Symposium on Theory of Computing},
 series = {STOC 2017},
 year = {2017},
 isbn = {978-1-4503-4528-6},
 location = {Montreal, Canada},
 pages = {429--437},
 numpages = {9},
 url = {http://doi.acm.org/10.1145/3055399.3055402},
 doi = {10.1145/3055399.3055402},
 acmid = {3055402},
 publisher = {ACM},
 address = {New York, NY, USA},
 keywords = {Hopfield network, Max-cut, Nash equilibrium, Polynomial running time, Potential game, Sherrington-Kirkpatrick model, Smoothed analysis},
}

@article{AnimalShelter,
  title={Shelter Animal Outcomes dataset},
  author={{Austin Animal Center}},
  journal={URL: kaggle.com/c/shelter-animal-outcomes},
  year={2016}
}

@book{series/sbcs/BarrosCF15,
  title={Automatic design of decision-tree induction algorithms},
  author={Barros, Rodrigo C and de Carvalho, Andr{\'e} CPLF and Freitas, Alex A},
  year={2015},
  publisher={Springer}
}

@book{Breiman84,
  title={Classification and regression trees},
  author={Breiman, Leo and Friedman, Jerome and Stone, Charles J and Olshen, Richard A},
  year={1984},
  publisher={CRC press}
}

@article{Chou:91,
  title={Optimal partitioning for classification and regression trees},
  author={Chou, Philip A.},
  journal={IEEE Transactions on Pattern Analysis \& Machine Intelligence},
  number={4},
  pages={340--354},
  year={1991},
  publisher={IEEE}
}

@article{CMU-PD,
  title={The CMU pronouncing dictionary},
  author={Weide, Robert L},
  journal={URL: http://www. speech. cs. cmu. edu/cgibin/cmudict},
  year={1998}
}

@article{journals/datamine/CoppersmithHH99,
  title={Partitioning nominal attributes in decision trees},
  author={Coppersmith, Don and Hong, Se June and Hosking, Jonathan RM},
  journal={Data Mining and Knowledge Discovery},
  volume={3},
  number={2},
  pages={197--217},
  year={1999},
  publisher={Springer}
}

@article{BPKN:92,
  title={Minimum impurity partitions},
  author={Burshtein, David and Della Pietra, Vincent and Kanevsky, Dimitri and Nadas, Arthur},
  journal={The Annals of Statistics},
  pages={1637--1646},
  year={1992},
  publisher={JSTOR}
}

@inproceedings{conf/icml/DobraG01,
  title={Bias correction in classification tree construction},
  author={Dobra, Alin and Gehrke, Johannes},
  booktitle={Proceedings of the Eighteenth International Conference on Machine Learning},
  pages={90--97},
  year={2001},
  organization={Morgan Kaufmann Publishers Inc.}
}

@article{GoeWil95,
  title={Improved approximation algorithms for maximum cut and satisfiability problems using semidefinite programming},
  author={Goemans, Michel X and Williamson, David P},
  journal={Journal of the ACM (JACM)},
  volume={42},
  number={6},
  pages={1115--1145},
  year={1995},
  publisher={ACM}
}

@article{Hothorn:2006:URP,
  title={Unbiased recursive partitioning: A conditional inference framework},
  author={Hothorn, Torsten and Hornik, Kurt and Zeileis, Achim},
  journal={Journal of Computational and Graphical statistics},
  volume={15},
  number={3},
  pages={651--674},
  year={2006},
  publisher={Taylor \& Francis}
}

@misc{Lichman:2013,
  title={UCI machine learning repository},
  author={Asuncion, Arthur and Newman, David},
  year={2007}
}

@article{Loh2009,
  title={Improving the precision of classification trees},
  author={Loh, Wei-Yin},
  journal={The Annals of Applied Statistics},
  pages={1710--1737},
  year={2009},
  publisher={JSTOR}
}

@article{Loh2014,
  title={Fifty years of classification and regression trees},
  author={Loh, Wei-Yin},
  journal={International Statistical Review},
  volume={82},
  number={3},
  pages={329--348},
  year={2014},
  publisher={Wiley Online Library}
}
@article{Mingers.87,
  title={Expert systemsâ€”rule induction with statistical data},
  author={Mingers, John},
  journal={Journal of the operational research society},
  volume={38},
  number={1},
  pages={39--47},
  year={1987},
  publisher={Springer}
}

@article{MolaSiciliano1997,
  title={A fast splitting procedure for classification trees},
  author={Mola, Francesco and Siciliano, Roberta},
  journal={Statistics and Computing},
  volume={7},
  number={3},
  pages={209--216},
  year={1997},
  publisher={Springer}
}

@inproceedings{conf/interspeech/Navratil06,
  title={Recent advances in phonotactic language recognition using binary-decision trees.},
  author={Navratil, Jiri},
  booktitle={Interspeech},
  year={2006}
}

@misc{books/sp/datamining2005/RokachM05,
  title={The Data Mining and Knowledge Discovery Handbook},
  author={Goethals, O Maimon and Rokach, L},
  year={2005},
  publisher={New York: Springer Science Business Media}
}
@article{SahGon:76,
  title={P-complete approximation problems},
  author={Sahni, Sartaj and Gonzalez, Teofilo},
  journal={Journal of the ACM (JACM)},
  volume={23},
  number={3},
  pages={555--565},
  year={1976},
  publisher={ACM}
}


@article{SFC,
  title={San Francisco Crime dataset},
  author={SF-OpenData},
  journal={URL: kaggle.com/c/sf-crime},
  year={2015}
}

@article{Shih2001,
  title={Selecting the best splits for classification trees with categorical variables},
  author={Shih, Yu-Shan},
  journal={Statistics \& probability letters},
  volume={54},
  number={4},
  pages={341--345},
  year={2001},
  publisher={Elsevier}
}

@article{Shih2004,
  title={A note on split selection bias in classification trees},
  author={Shih, Y-S},
  journal={Computational statistics \& data analysis},
  volume={45},
  number={3},
  pages={457--466},
  year={2004},
  publisher={Elsevier}
}
